<record xmlns='http://www.loc.gov/MARC21/slim'><leader>01728cam a2200349   4500</leader><controlfield tag='001'>a805784</controlfield><controlfield tag='003'>SIRSI</controlfield><controlfield tag='005'>20150321050002.0</controlfield><controlfield tag='008'>800819s1972    nyu           000 1 eng  </controlfield><datafield ind1=' ' ind2=' ' tag='010'><subfield code='a'>   76176406</subfield></datafield><datafield ind1=' ' ind2=' ' tag='020'><subfield code='a'>0670347922</subfield></datafield><datafield ind1=' ' ind2=' ' tag='020'><subfield code='a'>0670018082 (pbk)</subfield></datafield><datafield ind1=' ' ind2=' ' tag='020'><subfield code='c'>$2.95</subfield></datafield><datafield ind1=' ' ind2=' ' tag='020'><subfield code='a'>9780670347926</subfield></datafield><datafield ind1=' ' ind2=' ' tag='020'><subfield code='a'>9780670018086 (pbk.)</subfield></datafield><datafield ind1=' ' ind2=' ' tag='035'><subfield code='a'>(CStRLIN)CSUG17823170-B</subfield></datafield><datafield ind1=' ' ind2=' ' tag='035'><subfield code='a'>(OCoLC-M)397457</subfield></datafield><datafield ind1=' ' ind2=' ' tag='035'><subfield code='a'>(OCoLC-I)272067388</subfield></datafield><datafield ind1=' ' ind2=' ' tag='040'><subfield code='d'>CSt</subfield><subfield code='d'>CStRLIN</subfield><subfield code='d'>OrLoB</subfield></datafield><datafield ind1='0' ind2=' ' tag='050'><subfield code='a'>PZ3.S8195</subfield><subfield code='b'>Gr27</subfield><subfield code='a'>PS3537.T3234;</subfield></datafield><datafield ind1=' ' ind2=' ' tag='082'><subfield code='a'>813/.5/2</subfield></datafield><datafield ind1='1' ind2=' ' tag='100'><subfield code='a'>Steinbeck, John,</subfield><subfield code='d'>1902-1968.</subfield><subfield code=' '>^A116705</subfield></datafield><datafield ind1='1' ind2='4' tag='245'><subfield code='a'>The grapes of wrath</subfield><subfield code='c'>[by] John Steinbeck. Text and criticism edited by Peter Lisca ...</subfield></datafield><datafield ind1=' ' ind2=' ' tag='260'><subfield code='a'>New York,</subfield><subfield code='b'>Viking Press</subfield><subfield code='c'>[1972]</subfield></datafield><datafield ind1=' ' ind2=' ' tag='300'><subfield code='a'>xiii, 881 p.</subfield><subfield code='c'>20 cm.</subfield></datafield><datafield ind1='1' ind2=' ' tag='490'><subfield code='a'>The Viking critical library, 8</subfield></datafield><datafield ind1=' ' ind2=' ' tag='500'><subfield code='a'>See Goldstone and Payne, item A12ee.</subfield></datafield><datafield ind1=' ' ind2=' ' tag='500'><subfield code='a'>Light green wrappers.</subfield></datafield><datafield ind1=' ' ind2=' ' tag='596'><subfield code='a'>21</subfield></datafield><datafield ind1=' ' ind2='0' tag='830'><subfield code='a'>Viking critical library ;</subfield><subfield code='v'>VCL-8</subfield><subfield code=' '>^A1165657</subfield></datafield><datafield ind1=' ' ind2=' ' tag='920'><subfield code='b'>Although it follows the movement of thousands of men and women and the transformation of an entire nation, &quot;The Grapes of Wrath&quot; is also the story of one Oklahoma farm family, the Joads, who are driven off their homestead and forced to travel west to the promised land of California. Out of their trials and their repeated collisons against the hard realities of an America divided into Haves and Have-Nots, Steinbeck created a drama that is intensely human yet majestic in its scale and moral vision, elemental yet plainspoken, tragic but ultimately stirring in its insistence on human dignity.</subfield><subfield code='1'>Nielsen</subfield></datafield><datafield ind1=' ' ind2=' ' tag='999'><subfield code='a'>PS3537.T27 G76 1972X1</subfield><subfield code='w'>LC</subfield><subfield code='c'>1</subfield><subfield code='i'>001ADY7033</subfield><subfield code='d'>8/6/1996</subfield><subfield code='l'>FELTON</subfield><subfield code='m'>SPEC-COLL</subfield><subfield code='r'>Y</subfield><subfield code='s'>Y</subfield><subfield code='t'>STKS</subfield><subfield code='u'>8/19/1980</subfield></datafield></record>
